%Dies ist die virtuelle Bibliothek.
%Hier werden einfach die BibTeX Codes der Werke eingef√ºgt.

@article{milson1970nagib,
  title={Nagib Mahfuz and the Quest for Meaning},
  author={Milson, Menahem},
  journal={Arabica},
  volume={17},
  number={2},
  pages={177--186},
  year={1970},
  publisher={BRILL}
}

@book{adenauer1967erinnerungen,
  title={Erinnerungen: 1955-1959},
  author={Adenauer, Konrad},
  volume={3},
  year={1967},
  publisher={Deutsche Verlags-Anstalt}
}

@Manual{R,
    title = {R: A Language and Environment for Statistical Computing},
    author = {{R Development Core Team}},
    organization = {R Foundation for Statistical Computing},
    address = {Vienna, Austria},
    year = {2008},
    note = {{ISBN} 3-900051-07-0},
    url = {http://www.R-project.org}
}

@article{sanchez2013pls,
  title={PLS path modeling with R},
  author={Sanchez, Gaston},
  journal={Online, January},
  year={2013}
}

@Article{semPLS,
    title = {{semPLS}: Structural Equation Modeling Using Partial Least
      Squares},
    author = {Armin Monecke and Friedrich Leisch},
    journal = {Journal of Statistical Software},
    year = {2012},
    volume = {48},
    number = {3},
    pages = {1--32},
    url = {http://www.jstatsoft.org/v48/i03/},
  }
  
  @phdthesis{seiler2009kundenzufriedenheit,
  title={Kundenzufriedenheit im Private Banking},
  author={Seiler, Volker},
  year={2009},
  school={Dissertation, WHU-Otto Beisheim School of Management, Vallendar}
}

@article{noonan1982pls,
  title={PLS path modeling with indirectly observed variables: a comparison of alternative estimates for the latent variable},
  author={Noonan, Richard and Wold, Herman},
  journal={J oreskog, KG, Wold, H.(Eds.), Systems under Indirect Observation. North-Holland, Amsterdam},
  pages={75--94},
  year={1982},
  pages = {75-94}
}

@book{hair2013primer,
  title={A primer on partial least squares structural equation modeling (PLS-SEM)},
  author={Hair Jr, Joseph F and Hult, G Tomas M and Ringle, Christian and Sarstedt, Marko},
  year={2013},
  publisher={SAGE Publications, Incorporated}
}

@book{bliemel2005handbuch,
  title={Handbuch PLS-Pfadmodellierung. Methode, Anwendung, Praxisbeispiele},
  author={Bliemel, Friedhelm W and Eggert, Andreas and Fassott, Georg and Henseler, J{\"o}rg},
  year={2005},
  publisher={Stuttgart: Sch{\"a}ffer-Poeschel}
}

@article{homburg1996konzeptualisierung,
  title={Konzeptualisierung und Operationalisierung komplexer Konstrukte: ein Leitfaden f{\"u}r die Marketingforschung},
  author={Homburg, Christian and Giering, Annette},
  journal={Marketing: Zeitschrift f{\"u}r Forschung und Praxis},
  pages={12},
  year={1996},
  publisher={JSTOR}
}

@article{rodgers2003developing,
  title={Developing a predictive model: a comparative study of the partial least squares vs. maximum likelihood techniques},
  author={Rodgers, W and Pavlou, P},
  pages={25},
  journal={Arbeitspapiere der Graduate School of Management/University of California, CA/USA},
  year={2003}
}

@article{hulland1999use,
  title={Use of partial least squares (PLS) in strategic management research: a review of four recent studies},
  author={Hulland, John},
  journal={Strategic management journal},
  volume={20},
  number={2},
  pages={198},
  year={1999},
  publisher={Wiley Online Library}
}


@article{carmines1979reliability,
  title={Reliability And Validity Assessment (Quantitative Applications In The Social Sciences) Author: Edward G. Carmines, Richard},
  author={Carmines, Edward G and Zeller, Richard A},
  pages={27},
  year={1979},
  publisher={Sage Publications, Inc}
}

@article{fornell1981structural,
  title={Structural equation models with unobservable variables and measurement error: Algebra and statistics},
  author={Fornell, Claes and Larcker, David F},
  journal={Journal of marketing research},
  pages={45},
  year={1981},
  publisher={JSTOR}
}

@article{bagozzi1988evaluation,
  title={On the evaluation of structural equation models},
  author={Bagozzi, Richard P and Yi, Youjae},
  journal={Journal of the academy of marketing science},
  volume={16},
  number={1},
  pages={82},
  year={1988},
  publisher={Springer}
}

@misc{nunnally1978c,
  title={C.(1978). Psychometric theory},
  author={Nunnally, Jum},
  pages={245},
  year={1978},
  publisher={New York: McGraw-Hill}
}

@incollection{backhaus2004industriegutermarketing,
  title={Industrieg{\"u}termarketing im Spiegel der internationalen Lehrbuchliteratur},
  author={Backhaus, Klaus and Bonus, Dipl-Kfm Tizian and S{\"a}bel, Dipl-Kffr Tatjana},
  booktitle={Handbuch Industrieg{\"u}termarketing},
  pages={96},
  year={2004},
  publisher={Springer}
}

@book{weiber2010strukturgleichungsmodellierung,
  title={Strukturgleichungsmodellierung: eine anwendungsorientierte Einf{\"u}hrung in die Kausalanalyse mit Hilfe von AMOS, SmartPLS und SPSS;[Extras im Web]},
  author={Weiber, Rolf and M{\"u}hlhaus, Daniel},
  year={2010},
  publisher={Springer-Verlag}
}

@article{hair2011pls,
  title={PLS-SEM: Indeed a silver bullet},
  author={Hair, Joe F and Ringle, Christian M and Sarstedt, Marko},
  journal={The Journal of Marketing Theory and Practice},
  volume={19},
  number={2},
  pages={139--152},
  year={2011},
  publisher={ME Sharpe}
}

@article{henseler2009use,
  title={The use of partial least squares path modeling in international marketing},
  author={Henseler, J{\"o}rg and Ringle, Christian M and Sinkovics, Rudolf R},
  journal={Advances in international marketing},
  volume={20},
  pages={277--319},
  year={2009},
  publisher={Emerald Group Publishing Limited}
}

@article{hildebrandt1984kausalanalytische,
  title={Kausalanalytische Validierung in der Marketingforschung},
  author={Hildebrandt, Lutz},
  journal={Marketing: Zeitschrift f{\"u}r Forschung und Praxis},
  pages={42},
  year={1984},
  publisher={JSTOR}
}

@inproceedings{vinzi2003pls,
  title={PLS path modeling},
  author={Vinzi, Vincenzo Esposito and Lauro, Carlo and Tenenhaus, Michel},
  booktitle={PLS and related methods. Proceedings of the PLS03 International Symposium},
  year={2003}
}

@article{horn1965rationale,
  title={A rationale and test for the number of factors in factor analysis},
  author={Horn, John L},
  journal={Psychometrika},
  volume={30},
  number={2},
  pages={179--185},
  year={1965},
  publisher={Springer}
}

@article{dinno2009exploring,
  title={Exploring the sensitivity of Horn's parallel analysis to the distributional form of random data},
  author={Dinno, Alexis},
  journal={Multivariate behavioral research},
  volume={44},
  number={3},
  pages={362},
  year={2009},
  publisher={Taylor \& Francis}
}

@article{hayton2004factor,
  title={Factor retention decisions in exploratory factor analysis: A tutorial on parallel analysis},
  author={Hayton, James C and Allen, David G and Scarpello, Vida},
  journal={Organizational research methods},
  volume={7},
  number={2},
  pages={191--205},
  year={2004},
  publisher={Sage Publications}
}

@misc{joreskog1986prelis,
  title={PRELIS, A Program for Multivariate Data Screening and Data Summarization. A Preprocessor for LISREL. Mooresville, IN: Scientific Software},
  author={J{\"o}reskog, KG and S{\"o}rbom, D},
  year={1986},
  publisher={Inc}
}

@book{mulaik1972foundations,
  title={The foundations of factor analysis},
  author={Mulaik, Stanley A and Press, CRC},
  volume={88},
  year={1972},
  publisher={McGraw-Hill New York}
}

@book{hair2006multivariate,
  title={Multivariate data analysis},
  author={Hair, Joseph F and Tatham, Ronald L and Anderson, Rolph E and Black, William},
  volume={6},
    pages={98},
  year={2006},
  publisher={Pearson Prentice Hall Upper Saddle River, NJ}
}

@article{zwick1986comparison,
  title={Comparison of five rules for determining the number of components to retain.},
  author={Zwick, William R and Velicer, Wayne F},
  journal={Psychological bulletin},
  volume={99},
  number={3},
  pages={432},
  year={1986},
  publisher={American Psychological Association}
}

@book{xie2013dynamic,
  title={Dynamic Documents with R and knitr},
  author={Xie, Yihui},
  year={2013},
  publisher={CRC Press}
}

@inproceedings{lmucs-papers:Leisch:2002,
  author = {Friedrich Leisch},
  title = {Sweave: Dynamic Generation of Statistical Reports Using
		  Literate Data Analysis},
  booktitle = {Compstat 2002 --- Proceedings in Computational
		  Statistics},
  pages = {575--580},
  year = 2002,
  editor = {Wolfgang H{\"a}rdle and Bernd R{\"o}nz},
  publisher = {Physica Verlag, Heidelberg},
  note = {ISBN 3-7908-1517-9},
  url = {http://www.stat.uni-muenchen.de/~leisch/Sweave}
}

@book{cohen1988statistical,
  title={Statistical power analysis for the behavioral sciences, second edition},
  author={Cohen, Jacob},
  year={1988},
  publisher={Lawrence Erlbaum Assoc Inc}
}

@article{chin1998partial,
  title={The partial least squares approach to structural equation modeling},
  author={Chin, Wynne W},
  journal={Modern methods for business research},
  volume={295},
  number={2},
  pages={295--336},
  year={1998},
  publisher={Lawrence Erlbaum Associates Mahwah, NJ}
}

@article{geisser1974predictive,
  title={A predictive approach to the random effect model},
  author={Geisser, Seymour},
  journal={Biometrika},
  volume={61},
  number={1},
  pages={101--107},
  year={1974},
  publisher={Biometrika Trust}
}

@article{stone1974cross,
  title={Cross-validatory choice and assessment of statistical predictions},
  author={Stone, Mervyn},
  journal={Journal of the Royal Statistical Society. Series B (Methodological)},
  pages={111--147},
  year={1974},
  publisher={JSTOR}
}


@article{fornell1994partial,
  title={Partial Least Squares},
  author={Fornell, C., and Cha, J.},
  journal={Bagozzie, R., (Ed.), Advanced Methods in Market Research},
  year={1994},
  pages={71ff.},
  publisher={Blackwell}
}

@book{hahn2002segmentspezifische,
  title={Segmentspezifische Kundenzufriedenheitsanalyse: Neue Ans{\"a}tze zur Segmentierung von M{\"a}rkten},
  author={Hahn, Carsten H},
  year={2002},
  pages={104},
  publisher={Springer DE}
}

@article{hair2012assessment,
  title={An assessment of the use of partial least squares structural equation modeling in marketing research},
  author={Hair, Joe F and Sarstedt, Marko and Ringle, Christian M and Mena, Jeannette A},
  journal={Journal of the Academy of Marketing Science},
  volume={40},
  number={3},
  pages={414--433},
  year={2012},
  publisher={Springer}
}

@article{henseler2013goodness,
  title={Goodness-of-fit indices for partial least squares path modeling},
  author={Henseler, J{\"o}rg and Sarstedt, Marko},
  journal={Computational Statistics},
  volume={28},
  number={2},
  pages={565--580},
  year={2013},
  publisher={Springer}
}


@inproceedings{tenenhaus2004global,
  title={A global goodness-of-fit index for PLS structural equation modelling},
  author={Tenenhaus, Michel and Amato, Silvano and Esposito Vinzi, V},
  booktitle={Proceedings of the XLII SIS scientific meeting},
  volume={1},
  pages={739--742},
  year={2004}
}

